
@article{yan2007determining,
  title     = "Determining the Number of Clusters Using the Weighted Gap Statistic.",
  author    = "Yan, M. and Ye, K.",
  journal   = "Biometrics",
  volume    = "63",
  number    = "4",
  pages     = "1031--1037",
  year      = "2007",
  publisher = "John Wiley \& Sons"
}

@book{martinez2005exploratory,
  title     = "Exploratory Data Analysis with MATLAB",
  author    = "Martinez, W.L. and Martinez, A.R.",
  year      = "2005",
  publisher = "CRC Press"
}

@article{rousseeuw1987silhouettes,
  title    = "Silhouettes: A graphical aid to the interpretation and validation of cluster analysis",
  journal  = "Journal of Computational and Applied Mathematics",
  volume   = "20",
  number   = "",
  pages    = "53 - 65",
  year     = "1987",
  note     = "",
  issn     = "0377-0427",
  doi      = "DOI: 10.1016/0377-0427(87)90125-7",
  url      = "http://www.sciencedirect.com/science/article/B6TYH-45GN65V-6/2/18986ecfab1157f7f05da39a3b08ea73",
  author   = "Peter J. Rousseeuw",
  keywords = "Graphical display",
  keywords = "cluster analysis",
  keywords = "clustering validity",
  keywords = "classification"
}

@article{dudoit2002prediction,
  title     = "A Prediction-Based Resampling Method for Estimating the Number of Clusters in a Dataset.",
  author    = "Dudoit, S. and Fridlyand, J.",
  journal   = "Genome Biology",
  volume    = "3",
  number    = "7",
  year      = "2002",
  publisher = "BioMed Central Ltd."
}

@article{dickinson2008evolution,
  title     = {{The evolution of object categorization and the challenge of image abstraction}},
  author    = {Dickinson, S.},
  journal   = {Object Categorization: Computer and Human Vision Perspectives. Springer-Verlag},
  volume    = {1},
  year      = {2008},
  publisher = {Citeseer}
}

@misc{murphy1998applications,
  title     = {{Applications for mini VTOL UAV for law enforcement}},
  author    = {Murphy, D. and Cycon, J.},
  year      = {1998},
  publisher = {Citeseer}
}

@article{manresa2005hand,
  title     = {{Hand tracking and gesture recognition for human-computer interaction}},
  author    = {Manresa, C. and Varona, J. and Mas, R. and Perales, F.},
  journal   = {Electronic letters on computer vision and image analysis},
  volume    = {5},
  number    = {3},
  pages     = {96--104},
  year      = {2005},
  publisher = {Citeseer}
}

@Article{did2010too,
  author =  {},
  title =   {Too Much Information: Taming the UAV Data Explosion},
  journal = {Defense Industry Daily},
  year =    {2010},
  volume =  {},
  number =  {},
  month =   {May},
  day   =   {16},
  note =    {http://www.defenseindustrydaily.com/uav-data-volume-solutions-06348/},
  annote =  {}
}

@MastersThesis{jones2010parts,
  author  = {Justin Jones},
  title   = {Parts-Based Detection of AK-47s for Forensic Video Analysis},
  school  = {Naval Postgraduate School},
  address = {1 University Way Monterey, CA 93943-5019},
  year    = {2010},
}
