
@inproceedings{thds-dtad-15,
	title={Simultaneous deep transfer across domains and tasks},
	author={Tzeng, E. and Hoffman, J. and Darrell, T. and Saenko, K.},
	booktitle={International Conference on Computer Vision (ICCV)},
	year={2015}
}



@inproceedings{bmzbf-gbioc-15,
	title={Graph-based inverse optimal control for robot manipulation},
	author={Byravan, A. and Monfort, M. and Ziebart, B. and Boots, B. and Fox, D.},
	year={2015},
	booktitle={International Joint Conference on Artificial Intelligence (IJCAI)}
}

@INPROCEEDINGS{ab-meirlpi-11,
	author={Aghasadeghi, N. and Bretl, T.},
	booktitle={IROS},
	title={Maximum entropy inverse reinforcement learning in continuous state spaces with path integrals},
	year={2011},
}


@article{rsb-learch-09,
	title={Learning to search: Functional gradient techniques for imitation learning},
	author={Ratliff, N. and Silver, D. and Bagnell, J. A.},
	journal={Autonomous Robots},
	volume={27},
	number={1},
	year={2009},
	publisher={Springer}
}
@inproceedings{nhr-tars-99,
	title={Policy invariance under reward transformations: Theory and application to reward shaping},
	author={Ng, A. and Harada, D. and Russell, S.},
	booktitle={International Conference on Machine Learning (ICML)},
	year={1999}
}


@INPROCEEDINGS{ds-fat-12,
	AUTHOR    = {Anca Dragan AND Siddhartha Srinivasa},
	TITLE     = {Formalizing Assistive Teleoperation},
	BOOKTITLE = {Proceedings of Robotics: Science and Systems (R:SS)},
	YEAR      = {2012},
	ADDRESS   = {Sydney, Australia},
	MONTH     = {July}
}

@phdthesis{h-ais-88,
	title={Advances in importance sampling},
	author={Hesterberg, Timothy Classen},
	year={1988},
	school={Stanford University}
}


@article{rbbc-bsp-07,
	title={Boosting structured prediction for imitation learning},
	author={Ratliff, N. and Bradley, D. and Bagnell, J. A. and Chestnutt, J.},
	booktitle={NIPS},
	year={2007},
}

@inproceedings{lpk-gpirl-11,
	title={Nonlinear inverse reinforcement learning with gaussian processes},
	author={Levine, S. and Popovic, Z. and Koltun, V.},
	booktitle={NIPS},
	year={2011}
}

@inproceedings{ra-birl-07,
	title={Bayesian inverse reinforcement learning},
	author={Ramachandran, D. and Amir, E.},
	booktitle = {AAAI Conference on Artificial Intelligence},
	volume={51},
	year={2007}
}

@INPROCEEDINGS{drbts-dlmioc-15,
	AUTHOR    = {A. Doerr AND N. Ratliff AND J. Bohg AND M. Toussaint AND S. Schaal},
	TITLE     = {Direct Loss Minimization Inverse Optimal Control},
	BOOKTITLE = {Proceedings of Robotics: Science and Systems (R:SS)},
	YEAR      = {2015},
	ADDRESS   = {Rome, Italy},
	MONTH     = {July}
}
@inproceedings{bagnell2003covariant,
	title={Covariant policy search},
	author={Bagnell, J. and Schneider, J.},
	year={2003},
	booktitle={International Joint Conference on Artificial Intelligence (IJCAI)}
}
@article{rawlik2013stochastic,
	title={On stochastic optimal control and reinforcement learning by approximate inference},
	author={Rawlik, K. and Vijayakumar, S.},
	journal={Robotics},
	year={2013},
	publisher={MIT Press}
}

@inproceedings{mlzlt-shgpi-15,
	title={Softstar: Heuristic-Guided Probabilistic Inference},
	author={Monfort, M. and Lake, B. M. and Ziebart, B. and Lucey, P. and Tenenbaum, J.},
	booktitle={Advances in Neural Information Processing Systems},
	pages={2746--2754},
	year={2015}
}

@article{wop-dirl-15,
	author    = {M. Wulfmeier and
	P. Ondruska and
	I. Posner},
	title     = {Maximum Entropy Deep Inverse Reinforcement Learning},
	journal={arXiv preprint arXiv:1507.04888},
	year      = {2015},
	timestamp = {Sun, 02 Aug 2015 18:42:02 +0200},
}

@inproceedings{avlg-ssirl-15,
	TITLE = {{Maximum Entropy Semi-Supervised Inverse Reinforcement Learning}},
	AUTHOR = {Audiffren, J. and Valko, M. and Lazaric, A. and Ghavamzadeh, M.},
	BOOKTITLE = {{International Joint Conference on Artificial Intelligence (IJCAI)}},
	YEAR = {2015},
	MONTH = Jul,
	KEYWORDS = {semi-supervised learning ; apprenticeship learning ; reinforcement learning},
	HAL_ID = {hal-01146187},
	HAL_VERSION = {v1},
}


@Article{mbmsp-ttirl-14,
	author="Muelling, K.
	and Boularias, A.
	and Mohler, B.
	and Sch{\"o}lkopf, B.
	and Peters, J.",
	title="Learning strategies in table tennis using inverse reinforcement learning",
	journal="Biological Cybernetics",
	year="2014",
	volume="108",
	number="5",
}



@inproceedings {ssp-bpcnn-03,
	author       = {P. Y. Simard and D. Steinkraus and J. C. Platt},
	booktitle    = {Seventh International Conference on Document Analysis and Recognition},
	title        = {Best Practices for Convolutional Neural Networks Applied to Visual Document Analysis},
	year         = {2003},
}

@article{acvb-srld-09,
	author = {Argall, B. D. and Chernova, S. and Veloso, M. and Browning, B.},
	title = {A Survey of Robot Learning from Demonstration},
	journal = {Robotics and Autonomous Systems},
	volume = {57},
	number = {5},
	month = may,
	year = {2009},
}

@article{kss-dkf-15,
	title={Deep Kalman Filters},
	author={Krishnan, R. G and Shalit, U. and Sontag, D.},
	journal={arXiv preprint arXiv:1511.05121},
	year={2015}
}

@article{ckdgc-rlvm-15,
	title={A recurrent latent variable model for sequential data},
	author={Chung, J. and Kastner, K. and Dinh, L. and Goel, K. and Courville, A. and Bengio, Y.},
	journal={arXiv preprint arXiv:1506.02216},
	year={2015}
}

@inproceedings{an-alirl-04,
	author = {Abbeel, P. and Ng, A.},
	title = {Apprenticeship learning via inverse reinforcement learning},
	booktitle = {International Conference on Machine Learning (ICML)},
	year = {2004},
}

@inproceedings{lr-avsrg-13,
	author = {T. Lampe and M. Riedmiller},
	title = {Acquiring Visual Servoing Reaching and Grasping Skills using Neural Reinforcement Learning},
	booktitle = {International Joint Conference on Neural Networks (IJCNN)},
	year = {2013},
}

@article{kbp-rlrs-13,
	author    = {J. Kober and
	J. A. Bagnell and
	J. Peters},
	title     = {Reinforcement learning in robotics: A survey},
	journal   = {International Journal of Robotic Research},
	volume    = {32},
	number    = {11},
	year      = {2013},
}

@incollection{ksh-incdc-12,
	title = {{ImageNet} Classification with Deep Convolutional Neural Networks},
	author = {A. Krizhevsky and Sutskever, I. and G. Hinton},
	booktitle = {NIPS},
	year = {2012},
}

@incollection{ml-gpsam-16,
	title = {Guided Policy Search as Approximate Mirror Descent},
	author = {W. Montgomery and S. Levine},
	booktitle = {NIPS},
	year = {2016},
}


@article{ecr-navsr-92,
	author = {Espiau, B. and Chaumette, F. and Rives, P.},
	journal = {IEEE Transactions on Robotics and Automation},
	number = 3,
	title = {A new approach to visual servoing in robotics},
	volume = 8,
	year = 1992
}

@article{whb-reecu-96,
	author = {W. J. Wilson and C. W. Williams Hulls and G. S. Bell},
	journal = {IEEE Transactions on Robotics and Automation},
	number = 5,
	title = {Relative End-Effector Control Using Cartesian Position Based Visual Servoing},
	volume = 12,
	year = 1996
}

@inproceedings{mkd-vbcqp-14,
	author={K. Mohta and V. Kumar and K. Daniilidis},
	title="Vision Based Control of a Quadrotor for Perching on Planes and Lines",
	booktitle= {ICRA},
	year= 2014,
}

@inproceedings{jfn-eeuvs-97,
	author = {J\"{a}gersand, M. and Fuentes, O. and Nelson, R. C.},
	booktitle= {ICRA},
	title = {Experimental evaluation of uncalibrated visual servoing for precision manipulation},
	year = 1997
}

@inproceedings{ya-auvs-94,
	author = {Yoshimi, B. H. and Allen, P. K.},
	booktitle= {ICRA},
	title = {Active, uncalibrated visual servoing},
	year = 1994
}

@article{emmnc-lcbbl-08,
	author    = {Endo, G. and Morimoto, J. and Matsubara, T. and Nakanishi, J. and Cheng, G.},
	title     = {Learning {CPG}-based biped locomotion with a policy gradient method: Application to a humanoid robot},
	journal   = {International Journal of Robotic Research},
	volume    = {27},
	number    = {2},
    pages     = {213--228},
	year      = {2008},
}

@article{ghcb-rlicr-07,
	author    = {Guenter, F. and Hersch, M. and Calinon, S. and Billard, A.},
	title     = {Reinforcement learning for imitating constrained reaching movements},
	journal   = {Advanced Robotics},
	volume    = {21},
	number    = {13},
	year      = {2007},
}

@book{rk-cem-04,
	author = {Rubinstein, R. and Kroese, D.},
	publisher = {Springer},
	title = {The Cross-Entropy Method: A Unified Approach to Combinatorial Optimization, {Monte-Carlo} Simulation and Machine Learning},
	year = {2004}
}


@inproceedings{ps-aenac-07,
	author = "Peters, J. and Schaal, S.",
	year = "2007",
	title =  "Applying the episodic natural actor-critic architecture to motor primitive learning",
	booktitle = "European Symposium on Artificial Neural Networks (ESANN)"
}

@book{f-pmo-87,
	author = {Fletcher, R.},
	title = {Practical Methods of Optimization},
	year = {1987},
	publisher = {Wiley-Interscience},
	address = {New York, NY, USA},
}

@inproceedings{pma-reps-10,
	author =       "Peters, J. and  M{\"u}lling, K. and Alt{\"u}n, Y.",
	title =        "Relative Entropy Policy Search",
	booktitle =    "AAAI Conference on Artificial Intelligence",
	year =         "2010"
}

@inproceedings{l-edroc-13,
	author = {S. Levine},
	title = {Exploring Deep and Recurrent Architectures for Optimal Control},
	year = {2013},
	booktitle = {NIPS 2013 Workshop on Deep Learning},
}

@inproceedings{lk-cioc-12,
	author    = {S. Levine and V. Koltun},
	title     = {Continuous inverse optimal control with locally optimal examples},
	booktitle = {ICML},
	year      = {2012},
}

@inproceedings{rbz-mmp-06,
	author = {Ratliff, N. and Bagnell, J. A. and Zinkevich, M. A.},
	title = {Maximum margin planning},
	booktitle = {International Conference on Machine Learning (ICML)},
	year = {2006},
}

@article{rsb-lsfgt-09,
	author = "N. Ratliff and D. Silver and J. A. Bagnell",
	title = "Learning to search: Functional gradient techniques for imitation learning",
	journal = "Autonomous Robots",
	year = "2009",
	volume = "27",
	number = "1",
}

@article{lfda-eetdv-16,
	author    = {S. Levine and C. Finn and T. Darrell and P. Abbeel},
	title     = {End-to-end training of deep visuomotor policies},
	journal = {JMLR},
	volume = {17},
	year      = {2016},
    pages={1334--1373}
}

@article{kb-adam-14,
	title={Adam: A method for stochastic optimization},
	author={Kingma, Diederik and Ba, Jimmy},
	journal={arXiv preprint arXiv:1412.6980},
	year={2014}
}

@inproceedings{bkp-reirl-11,
	author = "Boularias, A. and  Kober, J. and  Peters, J.",
	year = "2011",
	title = "Relative Entropy Inverse Reinforcement Learning",
	booktitle = "International Conference on Artificial Intelligence and Statistics (AISTATS)"
}

@inproceedings{kprs-lofm-13,
	author = "Kalakrishnan, M. and  Pastor, P. and  Righetti, L. and  Schaal, S.",
	year = "2013",
	title = "Learning Objective Functions for Manipulation",
	booktitle = "ICRA"
}

@inproceedings{hk-arfdh-14,
	author = "D. Huang and K. Kitani",
	title = "Action-Reaction: Forecasting the Dynamics of Human Interaction",
	booktitle = "European Conference on Computer Vision (ECCV)",
	year = "2014",
}

@inproceedings{zmbd-meirl-08,
	author = {B. Ziebart and A. Maas
	and J. A. Bagnell and A. K. Dey},
	title = {Maximum Entropy Inverse Reinforcement Learning},
	year = {2008},
	booktitle = {AAAI Conference on Artificial Intelligence},
}

@inproceedings{rtv-socrl-12,
	author    = {K. Rawlik and
	M. Toussaint and
	S. Vijayakumar},
	title     = {On Stochastic Optimal Control and Reinforcement Learning
	by Approximate Inference},
	booktitle = {Robotics: Science and Systems (R:SS)},
	year      = {2012},
}

@article{kgo-ocgmi-12,
	author    = {H. J. Kappen and
	V. G{\'o}mez and
	M. Opper},
	title     = {Optimal control as a graphical model inference problem},
	journal   = {Machine Learning},
	volume    = {87},
	number    = {2},
	year      = {2012},
}

@inproceedings{t-lsmdp-06,
	author    = {E. Todorov},
	title     = {Linearly-solvable Markov decision problems},
	booktitle = {NIPS},
	year      = {2006},
}

@inproceedings{gpw-fbwrc-06,
	author    = {Geng, T. and Porr, B. and W\"{o}rg\"{o}tter, F.},
	title     = {Fast biped walking with a reflexive controller and realtime policy searching},
	booktitle = {NIPS},
	year      = {2006},
}

@book{b-co-04,
	author = {Boyd, S. and Vandenberghe, L.},
	title = {Convex Optimization},
	year = {2004},
	publisher = {Cambridge University Press},
	address = {New York, NY, USA},
}

@inproceedings{lpnp-sbits-14,
	author = "Lioutikov, R. and  Paraschos, A. and  Neumann, G. and  Peters, J.",
	year = "2014",
	title = "Sample-Based Information-Theoretic Stochastic Optimal Control",
	booktitle = "International Conference on Robotics and Automation",
}

@ARTICLE{al-geasa-84,
	author={Arnold, W.F., III and Laub, A.J.},
	journal={Proceedings of the IEEE},
	title={Generalized eigenproblem algorithms and software for algebraic Riccati equations},
	year={1984},
	volume={72},
	number={12},
}

@inproceedings{kop-rlarm-10,
	author    = {J. Kober and
	E. Oztop and
	J. Peters},
	title     = {Reinforcement Learning to adjust Robot Movements to New Situations},
	booktitle = {Robotics: Science and Systems (R:SS)},
	year      = {2010}
}

@article{dnp-spsr-13,
	author = {Deisenroth, M. and Neumann, G. and Peters, J.},
	journal = {Foundations and Trends in Robotics},
	title = {A Survey on Policy Search for Robotics},
	volume = 2,
    number={1-2},
	year = 2013,
    pages={1--142}
}

@inproceedings{pdpn-pmp-13,
	author = "Paraschos, A. and  Daniel, C. and  Peters, J. and  Neumann, G",
	year = "2013",
	title = "Probabilistic Movement Primitives",
	booktitle = "NIPS",
}

@inproceedings{aqn-uiarl-06,
	author = {Abbeel, P. and Quigley, M. and Ng, A. Y.},
	title = {Using Inaccurate Models in Reinforcement Learning},
	booktitle = {International Conference on Machine Learning (ICML)},
	year = {2006},
}

@inproceedings{can-lcmd-08,
	author = {Coates, A. and Abbeel, P. and Ng, A.},
	title = {Learning for control from multiple demonstrations},
	booktitle = {International Conference on Machine Learning (ICML)},
	year = {2008},
}

@inproceedings{ss-pipic-12,
	author = {Stulp, F. and Sigaud, O.},
	title = {Path integral policy improvement with covariance matrix adaptation},
	booktitle = {International Conference on Machine Learning (ICML)},
	year = {2012},
}

@inproceedings{rmswd-lmruc-13,
	author = "S. Ross and N. Melik-Barkhudarov and K. Shaurya Shankar and A. Wendel and D. Dey and J. A. Bagnell and M. Hebert",
	title = "Learning monocular reactive {UAV} control in cluttered natural environments",
	booktitle = "ICRA",
	year = "2013",
}

@inproceedings{hr-nrlcr-07,
	author = "Hafner, R. and Riedmiller, M.",
	title = "Neural reinforcement learning controllers for a real robot application",
	booktitle = "ICRA",
	year = "2007",
}

@inproceedings{hqs-rtmba-12,
	author = "Hester, T. and Quinlan, M. and Stone, P.",
	title = "{RTMBA}: A real-time model-based reinforcement
	learning architecture for robot control",
	booktitle = "ICRA",
	year = "2012",
}

@inproceedings{kjt-dalcf-12,
	author = {Kolter, J. Z. and Jackowski, Z. and Tedrake, R.},
	title = {Design, analysis and learning control of a fully actuated micro wind turbine},
	booktitle = {Proceedings of the 2012 American Control Conference (ACC)},
	year = {2012},
}

@inproceedings{rtv-osocrl-12,
	author    = {K. Rawlik and
	M. Toussaint and
	S. Vijayakumar},
	title     = {On Stochastic Optimal Control and Reinforcement Learning
	by Approximate Inference},
	booktitle = {Robotics: Science and Systems (R:SS)},
	year      = {2012}
}

@inproceedings{tl-gilqg-05,
	author = {Todorov, E. and Li, W.},
	booktitle = {American Control Conference},
	title = {A generalized iterative {LQG} method for locally-optimal feedback control of constrained nonlinear stochastic systems},
	year = {2005}
}

@inproceedings{tt-ildp-09,
	author = {E. Todorov and Y. Tassa},
	title = {Iterative local dynamic programming},
	booktitle = {IEEE Symposium on Adaptive Dynamic Programming and Reinforcement Learning (ADPRL)},
	year = {2009},
}

@inproceedings{ju-nekf-97,
	author = {Julier, S.J. and Uhlmann, J.K.},
	booktitle = {International Symposium on Aerospace/Defense Sensing, Simulation, and Control},
	title = {A new extension of the {Kalman} filter to nonlinear systems},
	year = 1997
}


@article{tk-aapmm-86,
	author = {Tierney, L. and Kadane, J. B.},
	journal = {Journal of the American Statistical Association},
	number = {393},
	publisher = {American Statistical Association},
	title = {Accurate Approximations for Posterior Moments and Marginal Densities},
	volume = {81},
	year = {1986}
}

@inproceedings{t-pglsm-10,
	author    = {E. Todorov},
	title     = {Policy gradients in linearly-solvable {MDPs}},
	booktitle = {NIPS},
	year      = {2010},
}

@book{kf-pgmpt-09,
	title = {Probabilistic Graphical Models: Principles and Techniques},
	author = {D. Koller and N. Friedman},
	year = 2009,
	publisher = {MIT Press},
}

@inproceedings{mwgcm-adopi-10,
	author={Meeussen, W. and Wise, M. and Glaser, S. and Chitta, S. and McGann, C. and Mihelich, P. and Marder-Eppstein, E. and Muja, M. and Eruhimov, Victor and Foote, T. and Hsu, J. and Rusu, R.B. and Marthi, B. and Bradski, G. and Konolige, K. and Gerkey, B. and Berger, E.},
	booktitle={ICRA},
	title={Autonomous door opening and plugging in with a personal robot},
	year={2010},
}

@inproceedings{mt-cbfat-14,
	author    = {Mordatch, I. and Todorov, E.},
	title     = {Combining the benefits of function approximation and trajectory optimization},
	booktitle = {Robotics: Science and Systems (R:SS)},
	year      = {2014},
}

@inproceedings{n-vipsc-11,
	author    = {G. Neumann},
	title     = {Variational Inference for Policy Search in changing situations},
	booktitle = {International Conference on Machine Learning (ICML)},
	year      = {2011},
}

@inproceedings{lk-lcnnp-14,
	author    = {S. Levine and V. Koltun},
	title     = {Learning Complex Neural Network Policies with Trajectory Optimization},
	booktitle = {International Conference on Machine Learning (ICML)},
	year      = {2014},
}

@inproceedings{lk-gps-13,
	author    = {S. Levine and V. Koltun},
	title     = {Guided policy search},
	booktitle = {ICML},
	year      = {2013},
}

@inproceedings{lk-vpsto-13,
	author    = {S. Levine and V. Koltun},
	title     = {Variational policy search via trajectory optimization},
	booktitle = {NIPS},
	year      = {2013},
}

@incollection{wb-badmm-14,
	title = {Bregman Alternating Direction Method of Multipliers},
	author = {Wang, H. and Banerjee, A.},
	booktitle = {NIPS},
	year = {2014}
}

@article{hszg-nncss-92,
	author = {Hunt, K. J. and Sbarbaro, D. and \.{Z}bikowski, R. and Gawthrop, P. J.},
	title = {Neural Networks for Control Systems: A Survey},
	journal = {Automatica},
	volume = {28},
	number = {6},
	month = nov,
	year = {1992},
}

@INPROCEEDINGS{rlv-arlrv-12,
	AUTHOR = {M. Riedmiller and S. Lange and A. Voigtlaender},
	BOOKTITLE = {International Joint Conference on Neural Networks},
	TITLE = {Autonomous reinforcement learning on raw visual input data in a real world application},
	YEAR = {2012},
}

@inproceedings{la-lnnpg-14,
	author    = {S. Levine and P. Abbeel},
	title     = {Learning Neural Network Policies with Guided Policy Search under Unknown Dynamics},
	booktitle = {NIPS},
	year      = {2014},
}

@inproceedings{acqn-arlah-06,
	author    = {Abbeel, P. and Coates, A. and Quigley, M. and Ng, A.},
	title     = {An application of reinforcement learning to aerobatic helicopter flight},
	booktitle = {NIPS},
	year      = {2006},
}

@inproceedings{lwa-lnnpg-15,
	author    = {S. Levine and N. Wagener and P. Abbeel},
	title     = {Learning Contact-Rich Manipulation Skills with Guided Policy Search},
	booktitle = {ICRA},
	year      = {2015},
}

@inproceedings{p-alvin-89,
	year = {1989},
	author = "D. Pomerleau",
	title = "{ALVINN:} An Autonomous Land Vehicle In a Neural Network",
	booktitle = "NIPS",
}

@article{ftddla-dsae-15,
	title={Deep Spatial Autoencoders for Visuomotor Learning},
	author={Finn, Chelsea and Tan, Xin Yu and Duan, Yan and Darrell, Trevor and Levine, Sergey and Abbeel, Pieter},
	journal={ICRA},
	year={2016}
}

@inproceedings{slmja-trpo-15,
	author = {Schulman, J. and Levine, S. and Moritz, P. and Jordan, M. and Abbeel, P.},
	title = {Trust Region Policy Optimization},
	booktitle = {ICML},
	year = {2015},
}

@inproceedings{shlab-flocf-13,
	AUTHOR    = {J. Schulman AND J. Ho AND A. Lee AND I. Awwal AND H. Bradlow AND P. Abbeel},
	TITLE     = {Finding Locally Optimal, Collision-Free Trajectories with Sequential Convex Optimization},
	BOOKTITLE = {Robotics: Science and Systems (R:SS)},
	YEAR      = {2013},
}

@inproceedings{t-rtouai-09,
	author    = {M. Toussaint},
	title     = {Robot trajectory optimization using approximate inference},
	booktitle = {International Conference on Machine Learning (ICML)},
	year      = {2009},
}

@inproceedings{bs-cps-03,
	author = {Bagnell, J. A. and Schneider, J.},
	year = {2003},
	booktitle = {International Joint Conference on Artificial Intelligence (IJCAI)},
	title = {Covariant policy search}
}

@inproceedings{tcp-hpcol-08,
	AUTHOR = "M. Toussaint and L. Charlin and P. Poupart",
	TITLE = "Hierarchical {POMDP} Controller Optimization by Likelihood Maximization",
	BOOKTITLE = "Uncertainty in Artificial Intelligence (UAI)",
	YEAR = "2008",
}

@inproceedings{tet-mjc-12,
	author    = {E. Todorov and
	T. Erez and
	Y. Tassa},
	title     = {{MuJoCo}: A physics engine for model-based control},
	booktitle = {IROS},
	year      = {2012},
}

@inproceedings{tzs-spgrl-04,
	author = {R. Tedrake and T. Zhang and H. Seung},
	title = {Stochastic policy gradient reinforcement learning on a simple {3D} biped},
	booktitle = {IROS},
	year = {2004}
}

@inproceedings{ggb-lrac-92,
	author = {Gullapalli, V. and Grupen, R. and Barto, A.},
	title = {Learning reactive admittance control},
	booktitle = {IROS},
	year = {1992}
}

@inproceedings{bt-aoccg-08,
	author = {Byl, K. and Tedrake, R.},
	booktitle = {ICRA},
	title = {Approximate optimal control of the compass gait on rough terrain},
	year = 2008
}

@inproceedings{fs-lbapr-04,
	title={Learning Ball Acquisition on a Physical Robot},
	author={P. Fidelman and P. Stone},
	booktitle={International Symposium on Robotics and Automation (ISRA)},
	year={2004}
}

@inproceedings{lhphe-ccdrl-16,
	title={Continuous control with deep reinforcement learning},
	author={T. Lillicrap and J. Hunt and A. Pritzel and N. Heess and T. Erez and Y. Tassa and D. Silver and D. Wierstra},
	booktitle={ICLR},
	year={2016}
}

@inproceedings{kp-pgrlf-04,
	author="N. Kohl and P. Stone",
	title="Policy Gradient Reinforcement Learning for Fast Quadrupedal Locomotion",
	year="2004",
	booktitle="IROS",
}

@inproceedings{wa-cwbuc-09,
	author = {Whitman, E. and Atkeson, C.},
	booktitle = {9th IEEE-RAS International Conference on Humanoid Robots},
	title = {Control of a walking biped using a combination of simple policies.},
	year = {2009}
}

@article{as-rssdp-08,
	author    = {C. Atkeson and
	B. Stephens},
	title     = {Random Sampling of States in Dynamic Programming},
	journal   = {IEEE Transactions on Systems, Man, and Cybernetics, Part B},
	volume    = {38},
	number    = {4},
	year      = {2008},
}

@article{rgb-rilsp-11,
	author    = {S. Ross and
	G. Gordon and
	A. Bagnell},
	title     = {A reduction of Imitation Learning and Structured Prediction
	to No-Regret Online Learning},
	journal   = {Journal of Machine Learning Research},
	volume    = {15},
	year      = {2011},
}

@inproceedings{rb-asimb-12,
	author    = {S. Ross and
	A. Bagnell},
	title     = {Agnostic System Identification for Model-Based Reinforcement
	Learning},
	booktitle = {International Conference on Machine Learning (ICML)},
	year      = {2012},
}

@inproceedings{kl-aoarl-02,
	author = {Kakade, S. and Langford, J.},
	title = {Approximately Optimal Approximate Reinforcement Learning},
	booktitle = {International Conference on Machine Learning (ICML)},
	year = {2002},
}

@inproceedings{am-nrpvf-02,
	author    = {C. Atkeson and
	J. Morimoto},
	title     = {Nonparametric Representation of Policies and Value Functions:
	A Trajectory-Based Approach},
	booktitle = {NIPS},
	year      = {2002},
}

@inproceedings{bkns-psdp-03,
	author    = {A. Bagnell and
	S. Kakade and
	A. Ng and
	J. Schneider},
	title     = {Policy Search by Dynamic Programming},
	booktitle = {NIPS},
	year      = {2003},
}

@inproceedings{acqn-arlah-06,
	author    = {Abbeel, P. and Coates, A. and Quigley, M. and Ng, A.},
	title     = {An application of reinforcement learning to aerobatic helicopter flight},
	booktitle = {NIPS},
	year      = {2006},
}

@article{ylv-ssblc-07,
	author = {Yin, K. and Loken, K. and van de Panne, M.},
	title = {{SIMBICON}: simple biped locomotion control},
	journal = {ACM Transactions Graphics},
	year = {2007},
	volume = {26},
	number = {3},
}

@book{sb-irl-98,
	author = {Sutton, R. and Barto, A.},
	title = {Introduction to Reinforcement Learning},
	year = {1998},
	isbn = {0262193981},
	edition = {1st},
	publisher = {MIT Press},
	address = {Cambridge, MA, USA},
}

@inproceedings{tet-sscbo-12,
	author = {Tassa, Y. and Erez, T. and Todorov, E.},
	title = {Synthesis and stabilization of complex behaviors through online trajectory optimization},
	booktitle = {IROS},
	year = {2012},
}

@inproceedings{smsm-pgmrl-99,
	author    = {Sutton, R. and McAllester, D. and Singh, S. and Mansour, Y.},
	title     = {Policy gradient methods for reinforcement learning with function approximation},
	booktitle = {NIPS},
	year      = {1999},
}

@article{bbw-eihpg-01,
	author = {Baxter, J. and Bartlett, P. and Weaver, L.},
	journal = {Journal of Artificial Intelligence Research},
	title = {Experiments with infinite-horizon, policy-gradient estimation},
	volume = 15,
	year = 2001
}

@article{bta-silc-06,
	author    = {Bristow, D. and Tharayil, M. and Alleyne, A.},
	title     = {A survey of iterative learning control},
	journal   = {Control Systems, IEEE},
	volume    = {26},
	number    = {3},
	year      = {2006},
}

@article{ps-rlmsp-08,
	author    = {Peters, J. and Schaal, S.},
	title     = {Reinforcement learning of motor skills with policy gradients},
	journal   = {Neural Networks},
	volume    = {21},
	year      = {2008},
    pages     = {682-–697},
}

@InProceedings{aaan-mftor-16,
	Title = {Model-free Trajectory Optimization for Reinforcement Learning},
	Author = {R. Akrour and A. Abdolmaleki and H. Abdulsamad and G. Neumann},
	Booktitle = {International Conference on Machine Learning (ICML)},
	Year = {2016},
}

@inproceedings{ins-lallm-03,
	author = "Ijspeert, A. and Nakanishi, J. and Schaal, S.",
	year = "2003",
	title = "Learning attractor landscapes for learning motor primitives",
	booktitle = "NIPS",
}

@article{w-ssgfa-92,
	author = {Williams, R.},
	title = {Simple Statistical Gradient-Following Algorithms for Connectionist Reinforcement Learning},
	journal = {Machine Learning},
	issue_date = {May 1992},
	volume = {8},
	number = {3-4},
	month = may,
	year = {1992},
}

@inproceedings{tbs-rlmsh-10,
	author = "Theodorou, E. and Buchli, J. and Schaal, S.",
	year = "2010",
	title = "Reinforcement learning of motor skills in high dimensions",
	booktitle = "ICRA",
}

@article{vtkp-lmfrc-09,
	author    = {N. Vlassis and
	M. Toussaint and
	G. Kontes and
	S. Piperidis},
	title     = {Learning model-free robot control by a {M}onte {C}arlo {EM} algorithm},
	journal   = {Autonomous Robots},
	volume    = {27},
	number    = {2},
	year      = {2009},
}

@article{fb-vmrl-10,
	author    = {T. Furmston and D. Barber},
	title     = {Variational methods for Reinforcement Learning},
	journal   = {Journal of Machine Learning Research},
	volume    = {9},
	year      = {2010},
}

@inproceedings{kb-lmpr-09,
	author    = {Kober, J. and Peters, J.},
	title     = {Learning motor primitives for robotics},
	booktitle = {ICRA},
	year      = {2009},
}

@inproceedings{ps-lse-02,
	author = "Peshkin, L. and Shelton, C.",
	title = "Learning from scarce experience",
	booktitle = "International Conference on Machine Learning (ICML)",
	year = 2002,
}

@article{rc-tddlr-12,
	author    = {A. Rush and
	M. Collins},
	title     = {A Tutorial on Dual Decomposition and Lagrangian Relaxation
	for Inference in Natural Language Processing},
	journal   = {Journal of Artificial Intelligence Research (JAIR)},
	volume    = {45},
	year      = {2012},
}

@inproceedings{ta-ocbis-10,
	title = {On a connection between importance sampling and the likelihood ratio policy gradient},
	author = {Tang, J. and Abbeel, P.},
	booktitle = {NIPS},
	year = {2010}
}

@inproceedings{lt-ilqr-04,
	author    = {Li, W. and Todorov, E.},
	title     = {Iterative linear quadratic regulator design for nonlinear
	biological movement systems},
	booktitle = {ICINCO (1)},
	year      = {2004},
}

@book{jm-ddp-70,
	author = {Jacobson, D. and Mayne, D.},
	title = {Differential Dynamic Programming},
	year = {1970},
	publisher = {Elsevier},
}

@incollection{mkv-aofcl-10,
	author    = {Mitrovic, D. and Klanke, S. and Vijayakumar, S.},
	title     = {Adaptive optimal feedback control with learned internal
	dynamics models},
	booktitle = {From Motor Learning to Interaction Learning in Robots},
	year      = {2010},
}

@inproceedings{kb-ialsn-10,
	author              = {S. M. Khansari-Zadeh and
	A. Billard},
	title               = {{BM}: An iterative algorithm to learn stable non-linear dynamical systems with {G}aussian mixture models},
	booktitle           = {ICRA},
	year                = {2010},
}

@inproceedings{dr-pmbde-11,
	author    = {Deisenroth, M. and Rasmussen, C.},
	title     = {{PILCO}: a model-based and data-efficient approach to policy search},
	booktitle = {International Conference on Machine Learning (ICML)},
	year      = {2011},
}

@inproceedings{drf-lclcm-11,
	author    = {Deisenroth, M. and Rasmussen, C. and Fox, D.},
	title     = {Learning to control a low-cost manipulator using data-efficient reinforcement learning},
	booktitle = {Robotics: Science and Systems (R:SS)},
	year      = {2011},
}

@inproceedings{dt-iocls-10,
	author    = {Dvijotham, K. and Todorov, E.},
	title     = {Inverse optimal control with linearly-solvable {MDPs}},
	booktitle = {International Conference on Machine Learning (ICML)},
	year      = {2010},
}

@phdthesis{z-mpabp-10,
	author = {Ziebart, B.},
	title = {Modeling purposeful adaptive behavior with the principle of maximum causal entropy},
	school = {Carnegie Mellon University},
	year = {2010},
	booktitle = {PhD thesis, Machine Learning Department, Carnegie Mellon University}
}

@inproceedings{phas-lgmsl-09,
	author = {Pastor, P. and Hoffmann, H. and Asfour, T. and Schaal, S.},
	title = {Learning and Generalization of Motor Skills by Learning from Demonstration},
	booktitle = {ICRA},
	year = {2009}
}

@inproceedings{pkcts-sltop-11,
	author = {Pastor, P. and Kalakrishnan, M. and Chitta, S. and Theodorou, E. and Schaal, S.},
	title = {Skill Learning and Task Outcome Prediction for Manipulation},
	booktitle = {ICRA},
	year = {2011}
}

@inproceedings{krps-lfcpc-11,
	author = {Kalakrishnan, M. and Righetti, L. and Pastor, P. and Schaal, S.},
	title = {Learning Force Control Policies for Compliant Manipulation},
	booktitle = {IROS},
	year = {2011}
}

@inproceedings{kctps-stomp-11,
	author = "Kalakrishnan, M. and Chitta, S. and Theodorou, E. and Pastor, P. and Schaal, S.",
	year = "2011",
	title = "{STOMP}: stochastic trajectory optimization for motion planning",
	booktitle = "International Conference on Robotics and Automation",
}

@TECHREPORT{pb-odtrn-12,
	AUTHOR =        {R. Pascanu and Y. Bengio},
	TITLE =         {On the difficulty of training recurrent neural networks},
	NUMBER =        {arXiv:1211.5063},
	INSTITUTION =   {Universite de Montreal},
	YEAR  =         {2012}
}

@ARTICLE{b-ldaai-09,
	author = {Bengio, Y.},
	title = {Learning deep architectures for {AI}},
	journal = {Foundations and Trends in Machine Learning},
	volume = {2},
	number = {1},
	year = {2009},
}

@article{wp-ogfal-09,
	author    = {Wampler, K. and Popovi\'{c}, Z.},
	title     = {Optimal gait and form for animal locomotion},
	journal   = {ACM Transactions on Graphics},
	volume    = {28},
	number    = {3},
	year      = {2009},
}

@inproceedings{tjlb-jcngm-14,
	title={Joint training of a convolutional network and a graphical model for human pose estimation},
	author={Tompson, J. J. and Jain, A. and LeCun, Y. and Bregler, C.},
	booktitle={NIPS},
	year={2014}
}

@inproceedings{gddm-fhaod-13,
	author = {Girshick, R. and Donahue, J. and Darrell, T. and Malik, J.},
	title = {Rich Feature Hierarchies for Accurate Object Detection and Semantic Segmentation},
	booktitle = {Conference on Computer Vision and Pattern Recognition (CVPR)},
	year = {2014}
}

@inproceedings{gsllw-amcts-14,
	title={Deep learning for real-time {Atari} game play using offline {Monte-Carlo} tree search planning},
	author={Guo, X. and Singh, S. and Lee, H. and Lewis, R. L. and Wang, X.},
	booktitle={NIPS},
	year={2014}
}

@article{jsdkl-caffe-14,
	Author = {Jia, Y. and Shelhamer, E. and Donahue, J. and Karayev, S. and Long, J. and Girshick, R. and Guadarrama, S. and Darrell, T.},
	Journal = {arXiv preprint arXiv:1408.5093},
	Title = {Caffe: Convolutional Architecture for Fast Feature Embedding},
	Year = {2014}
}

@inproceedings{ddsll-lshid-09,
	title={{ImageNet}: A large-scale hierarchical image database},
	author={Deng, J. and Dong, W. and Socher, R. and Li, L. and Li, K. and Fei-Fei, L.},
	booktitle={Computer Vision and Pattern Recognition (CVPR)},
	year={2009},
}

@article{sljsr-gdwc-14,
	title={Going deeper with convolutions},
	author={Szegedy, C. and Liu, W. and Jia, Y. and Sermanet, P. and Reed, S. and Anguelov, D. and Erhan, D. and Vanhoucke, V. and Rabinovich, A.},
	journal={arXiv preprint arXiv:1409.4842},
	year={2014}
}

@inproceedings{lgrn-cdbn-09,
	author = {Lee, H. and Grosse, R. and Ranganath, R. and Ng, A.},
	title = {Convolutional Deep Belief Networks for Scalable Unsupervised Learning of Hierarchical Representations},
	booktitle = {International Conference on Machine Learning (ICML)},
	year = {2009},
}

@article{csh-vapr-10,
	title={Visuomotor adaptation and proprioceptive recalibration in older adults},
	author={Cressman, Erin K and Salomonczyk, Danielle and Henriques, Denise YP},
	journal={Experimental brain research},
	volume={205},
	number={4},
	year={2010},
	publisher={Springer}
}

@inproceedings{sl-3dgoc-07,
	title={{3D} generic object categorization, localization and pose estimation.},
	author={Savarese, S. and Fei-Fei, L.},
	booktitle={International Conference on Computer Vision (ICCV)},
	year={2007}
}

@inproceedings{psgs-3ddpm-12,
	title={Teaching {3D} geometry to deformable part models},
	author={Pepik, B. and Stark, M. and Gehler, P. and Schiele, B.},
	booktitle={Computer Vision and Pattern Recognition (CVPR)},
	year={2012},
}

@inproceedings{nr-airl-00,
	title={Algorithms for inverse reinforcement learning.},
	author={Ng, A. and Russell, S. and others},
	booktitle={International Conference on Machine Learning (ICML)},
	year={2000}
}

@article{crtw-pdw-05,
	author = {Collins, S. and Ruina, A. and Tedrake, R. and Wisse, M.},
	journal = {Science},
	volume = {307},
	title = {Efficient bipedal robots based on passive-dynamic walkers},
	year = {2005},
    pages = {1082--1085}
}

@article{pctdp-vmc-01,
    author={Pratt, J. and Chew, C. and Torres, A. and Dilworth, P. and Pratt, G.},
    journal={IJRR},
    volume={20},
    title={Virtual model control: An intuitive approach for bipedal locomotion},
    year={2001},
    number={2},
    pages={129--143}
}

@article{sgh-slr-03,
    author={Seyfarth, A. and Geyer, H. and Herr, H.},
    journal={Journal of Experimental Biology},
    volume={206},
    title={Swing-leg retraction: a simple control model for stable running},
    year={2003},
    pages={2547--2555}
}

@inproceedings{gpw-biped-06,
	title={Fast biped walking with a reflexive controller and realtime policy searching},
	author={Geng, T. and Porr, B. and Wörgötter, F.},
	booktitle={NIPS},
	year={2006}
}

@article{emmnc-cpg-08,
    author={Endo, G. and Morimoto, J. and Matsubara, T. and Nakanishi, J. and Cheng, G.},
    journal={IJRR},
    volume={27},
    number={2},
    title={Learning {CPG}-based biped locomotion with a policy gradient method: Application to a humanoid robot},
    year={2008}
}

@article{ts-transfer-09,
	author    = {Taylor, M. E. and Stone, P.},
	title     = {Transfer Learning for Reinforcement Learning Domains: A Survey},
	journal = {Journal of Machine Learning Research (JMLR)},
	volume = {10},
	year      = {2009},
    pages={1633--1685}
}

@article{cwh-sim-16,
    author={Cutler, M. and Walsh, T. J. and How, J. P.},
    journal={IEEE T-RO},
    volume={31},
    title={Real-World Reinforcement Learning via Multifidelity Simulators},
    publisher={IEEE},
    year={2016},
    pages={655--671}
}

@inproceedings{ch-prior-15,
	author={Cutler, M. and How, J. P.},
	title={Efficient reinforcement learning for robots using informative simulated priors},
	booktitle= {ICRA},
	year={2015}
}

@inproceedings{hla-seq-15,
    author={Han, W. and Levine, S. and Abbeel, P.},
    title={Learning Compound Multi-Step Controllers under Unknown Dynamics},
    booktitle={IROS},
    year={2015}
}

@inproceedings{mlt-encio-15,
    author={Mordatch, I. and Lowrey, K. and Todorov, E.},
    title={Ensemble-{CIO}: Full-body dynamic motion planning that transfers to physical humanoids},
    booktitle={IROS},
    year={2015}
}

@article{cspd-bolg-15,
    author={Calendra, R. and Seyfarth, A. and Peters, J. and Deisenroth, M.},
    journal={Annals of Mathematics and Artificial Intelligence (AMAI)},
    volume={76},
    title={Bayesian optimization for learning gaits under uncertainty},
    pages={5--23},
    year={2016}
}

@article{kn-ldquad-11,
    author={Kolter, J. and Ng, A.},
    journal={IJRR},
    volume={30},
    title={The {Stanford LittleDog}: A Learning and Rapid Replanning Approach to Quadruped Locomotion},
    number={2},
    pages={150--174},
    year={2011}
}

@inproceedings{kbps-temp-09,
    title={Learning locomotion over rough terrain using terrain templates},
    author={Kalakrishnan, M. and Buchli, J. and Pastor, P. and Schaal, S.},
    booktitle={IROS},
    year={2009},
}

@Misc{flannsoftware,
  howpublished	= {\url{http://www.cs.ubc.ca/research/flann/}},
  title		= {{FLANN}: {Fast} {Library} for {Approximate} {Nearest} {Neighbors}}
}
